@article{felch2008hypergeometric,
	title={The hypergeometric connectivity hypothesis: Divergent performance of brain circuits with different synaptic connectivity distributions},
	author={Felch, Andrew C and Granger, Richard H},
	journal={Brain research},
	volume={1202},
	pages={3--13},
	year={2008},
	publisher={Elsevier}
}

@inproceedings{erlanson1991analog,
	title={Analog neural networks as decoders},
	author={Erlanson, Ruth and Abu-Mostafa, Yaser S},
	booktitle={Advances in neural information processing systems},
	pages={585--588},
	year={1991}
}

@inproceedings{maass2000neural,
	title={Neural Computation with Winner-Take-All as the Only Nonlinear Operation.},
	author={Maass, Wolfgang},
	year={2000},
	organization={Citeseer}
}

@incollection{tymoshchuk2012,
	year={2012},
	isbn={978-3-642-32908-1},
	booktitle={Engineering Applications of Neural Networks},
	volume={311},
	series={Communications in Computer and Information Science},
	editor={Jayne, Chrisina and Yue, Shigang and Iliadis, Lazaros},
	title={A Continuous-Time Model of Analogue K-Winners-Take-All Neural Circuit},
	publisher={Springer Berlin Heidelberg},
	keywords={Continuous-time model; State equation; Functional block-diagram; Hardlimiting neuron; Analogue K-winners-take-all neural circuit},
	author={Tymoshchuk, PavloV.},
	pages={94-103},
	language={English}
}

@misc{numenta2011htm,
	author={{Numenta, Inc}},
	title={Hirarchical Temporal Memory},
	year={2011}
}

@phdthesis{friedmann2013phd,
	author   = {Friedmann, Simon},
	title    = {A new approach to learning in neuromorphic hardware},
	school   = {Heidelberg, Univ., Diss., 2013},
	year     = {2013}
}

@phdthesis{millner2012development,
	title={Development of a Multi-Compartment Neuron Model Emulation},
	school= {Heidelberg, Univ., Diss., 2013},
	author={Millner, Sebastian},
	year={2012}
}

@article{vreeken2003spiking,
	title={Spiking neural networks, an introduction},
	author={Vreeken, Jilles},
	journal={Technical Report UU-CS},
	number={2003-008},
	pages={1--5},
	year={2003},
	publisher={Utrecht University: Information and Computing Sciences}
}

@misc{nupic,
	title={{Numenta Platform for Intelligent Computing (NuPIC)}},
	author={{Numenta, Inc}},
	url={http://numenta.org/}
}

@article{brette2005adaptive,
	title={Adaptive exponential integrate-and-fire model as an effective description of neuronal activity},
	author={Brette, Romain and Gerstner, Wulfram},
	journal={Journal of neurophysiology},
	volume={94},
	number={5},
	pages={3637--3642},
	year={2005},
	publisher={Am Physiological Soc}
}

@article{jolivet2008quantitative,
	title={The quantitative single-neuron modeling competition},
	author={Jolivet, Renaud and Sch{\"u}rmann, Felix and Berger, Thomas K and Naud, Richard and Gerstner, Wulfram and Roth, Arnd},
	journal={Biological cybernetics},
	volume={99},
	number={4-5},
	pages={417--426},
	year={2008},
	publisher={Springer}
}
